:20:STATEMENT20240131
:25:PL12345678901234567890123456
:28C:00001/001
:60F:C240101PLN10000,00
:61:2401140114C123000NTRF//REF20240114001
:86:020 Przelew przychodzący
ACME SP Z O O
Zapłata za fakturę FV/2024/001
NIP 1234567890
:61:2401200120C246000NTRF//REF20240120001
:86:020 Przelew przychodzący
BETA CONSULTING SP Z O O
FV/2024/002 - płatność
:61:2401250125C184500NTRF//REF20240125001
:86:020 Przelew przychodzący
DELTA USLUGI
Faktura FV/2024/004
:62F:C240131PLN15535,00
